%# -*- coding: utf-8-unix -*-
@incollection{NIPS2018_7328,
  title = {A Model for Learned Bloom Filters and Optimizing by Sandwiching},
  author = {Mitzenmacher, Michael},
  booktitle = {Advances in Neural Information Processing Systems 31},
  editor = {S. Bengio and H. Wallach and H. Larochelle and K. Grauman and N. Cesa-Bianchi and R. Garnett},
  pages = {464--473},
  year = {2018},
  publisher = {Curran Associates, Inc.},
  url = {http://papers.nips.cc/paper/7328-a-model-for-learned-bloom-filters-and-optimizing-by-sandwiching.pdf}
}

@inproceedings{kraska2019sagedb,
  title	= {SageDB: A Learned Database System},
  author	= {Tim Kraska and Mohammad Alizadeh and Alex Beutel and Ed H. Chi and Jialin Ding and Ani Kristo and Guillaume Leclerc and Samuel Madden and Hongzi Mao and Vikram Nathan},
  year	= {2019}
}

@inproceedings{zhang2016reducing,
  title={Reducing the storage overhead of main-memory OLTP databases with hybrid indexes},
  author={Zhang, Huanchen and Andersen, David G and Pavlo, Andrew and Kaminsky, Michael and Ma, Lin and Shen, Rui},
  booktitle={Proceedings of the 2016 International Conference on Management of Data},
  pages={1567--1581},
  year={2016},
  organization={ACM}
}

@inproceedings{esmet2012tokufs,
  title={The TokuFS Streaming File System.},
  author={Esmet, John and Bender, Michael A and Farach-Colton, Martin and Kuszmaul, Bradley C},
  booktitle={HotStorage},
  year={2012}
}

@inproceedings{kraska2018case,
  title={The case for learned index structures},
  author={Kraska, Tim and Beutel, Alex and Chi, Ed H and Dean, Jeffrey and Polyzotis, Neoklis},
  booktitle={Proceedings of the 2018 International Conference on Management of Data},
  pages={489--504},
  year={2018},
  organization={ACM}
}

@online{tpcc,
  author = {Transaction Processing Performance Council},
  title = {TPC-C Benchmark},
  year = 2010,
  url = {http://www.tpc.org/tpcc/},
}

@online{throwalgo,
  author = {Database architects blog},
  title = {The Case for B-Tree Index Structures},
  year = 2017,
  url = {http://databasearchitects.blogspot.com/2017/12/the-case-for-b-tree-index-structures.html},
}

@article{debrabant2013anti,
  title={Anti-caching: A new approach to database management system architecture},
  author={DeBrabant, Justin and Pavlo, Andrew and Tu, Stephen and Stonebraker, Michael and Zdonik, Stan},
  journal={Proceedings of the VLDB Endowment},
  volume={6},
  number={14},
  pages={1942--1953},
  year={2013},
  publisher={VLDB Endowment}
}

@article{eldawy2014trekking,
  title={Trekking through siberia: Managing cold data in a memory-optimized database},
  author={Eldawy, Ahmed and Levandoski, Justin and Larson, Per-{\AA}ke},
  journal={Proceedings of the VLDB Endowment},
  volume={7},
  number={11},
  pages={931--942},
  year={2014},
  publisher={VLDB Endowment}
}

@inproceedings{levandoski2013identifying,
  title={Identifying hot and cold data in main-memory databases},
  author={Levandoski, Justin J and Larson, Per-{\AA}ke and Stoica, Radu},
  booktitle={Data Engineering (ICDE), 2013 IEEE 29th International Conference on},
  pages={26--37},
  year={2013},
  organization={IEEE}
}

@inproceedings{graefe2001b,
  title={B-tree Indexes and CPU Caches},
  author={Graefe, Goetz and Larson, P-A},
  booktitle={Proceedings 17th International Conference on Data Engineering},
  pages={349--358},
  year={2001},
  organization={IEEE}
}